@article{wittmann2012spin,
  title = {Spin glasses in the nonextensive regime},
  author = {Wittmann, Matthew and Young, A.~P.},
  journal = {Phys. Rev. E},
  volume = {85},
  issue = {4},
  pages = {041104},
  numpages = {8},
  year = {2012},
  month = {Apr},
  publisher = {American Physical Society},
  doi = {10.1103/PhysRevE.85.041104},
  url = {http://link.aps.org/doi/10.1103/PhysRevE.85.041104}
}

@unpublished{wittmann2013low,
  title={Low-temperature behavior of the spin overlap distribution in one-dimensional long-range diluted spin glasses},
  author={Wittmann, Matthew and Katzgraber, Helmut G and Machta, J and Young, A.~P.},
  year={2013},
  note={APS March Meeting},
  url={http://meetings.aps.org/Meeting/MAR13/Session/F29.2}
}

@unpublished{wittmann2014distinguishing,
  title={Distinguishing graphs with a quantum annealer using susceptibility measurements},
  author={Wittmann, Matthew and Hen, Itay and Young, A.~P.},
  year={2014},
  note={APS March Meeting},
  url={http://meetings.aps.org/Meeting/MAR14/Session/J35.5}
}

@article{wittmann2014low,
  title = {Low-temperature behavior of the statistics of the overlap distribution in Ising spin-glass models},
  author = {Wittmann, Matthew and Yucesoy, B. and Katzgraber, Helmut G. and Machta, J. and Young, A.~P.},
  journal = {Phys. Rev. B},
  volume = {90},
  issue = {13},
  pages = {134419},
  numpages = {10},
  year = {2014},
  month = {Oct},
  publisher = {American Physical Society},
  doi = {10.1103/PhysRevB.90.134419},
  url = {http://link.aps.org/doi/10.1103/PhysRevB.90.134419}
}

@article{wittmann2014finite,
  title = {Finite-size scaling above the upper critical dimension},
  author = {Wittmann, Matthew and Young, A.~P.},
  journal = {Phys. Rev. E},
  volume = {90},
  issue = {6},
  pages = {062137},
  numpages = {10},
  year = {2014},
  month = {Dec},
  publisher = {American Physical Society},
  doi = {10.1103/PhysRevE.90.062137},
  url = {http://link.aps.org/doi/10.1103/PhysRevE.90.062137}
}

